<?xml version="1.0" encoding="UTF-8"?><collection xmlns="http://www.loc.gov/MARC21/slim"><record><leader>00595nam--2200193-i-4500</leader><controlfield tag="001">000031353</controlfield><controlfield tag="002">20161230</controlfield><controlfield tag="005">20161230201038</controlfield><controlfield tag="008">060222s1000------------r-----000-0-fre-d</controlfield><datafield ind1=" " ind2=" " tag="040"><subfield code="a">IFIN-HH</subfield></datafield><datafield ind1=" " ind2=" " tag="041"><subfield code="a">fre</subfield></datafield><datafield ind1=" " ind2=" " tag="080"><subfield code="a">53</subfield></datafield><datafield ind1="1" ind2=" " tag="100"><subfield code="a">Mathieu, J.P</subfield></datafield><datafield ind1="1" ind2="0" tag="245"><subfield code="a">Tables de constantes et donnees numeriques. vol. 6. constantes selectionnees. pouvoir rotatoire naturel. i.steroides. preface de d.-h.-r. barton</subfield><subfield code="c">J.-p. mathieu, a. petit</subfield></datafield><datafield ind1=" " ind2=" " tag="260"><subfield code="a">Paris</subfield><subfield code="b">Masson Et C-ie, Editeurs</subfield><subfield code="c">1956</subfield></datafield><datafield ind1=" " ind2=" " tag="300"><subfield code="a">505P</subfield></datafield><datafield ind1="1" ind2=" " tag="700"><subfield code="a">Petit, A</subfield></datafield><datafield ind1=" " ind2=" " tag="852"><subfield code="a">10934</subfield><subfield code="c">53.081</subfield></datafield><datafield ind1=" " ind2=" " tag="CAT"><subfield code="a">Sys</subfield><subfield code="c">20151110</subfield><subfield code="h">103349</subfield></datafield></record></collection>